<?xml version="1.0" encoding="UTF-8"?>
<record xmlns="http://www.loc.gov/MARC21/slim" xmlns:xsi="http://www.w3.org/2001/XMLSchema-instance" xsi:schemaLocation="http://www.loc.gov/MARC21/slim http://www.loc.gov/standards/marcxml/schema/MARC21slim.xsd">
<leader>00000cam a22      a 4500</leader>
<controlfield tag="001">001686577</controlfield>
<controlfield tag="003">NNU</controlfield>
<controlfield tag="005">20150914162437.0</controlfield>
<controlfield tag="008">000831m19431946ua abc   b    000 0 ara d</controlfield>
<datafield tag="035" ind1=" " ind2=" ">
<subfield code="a">(OCoLC)477011697</subfield>
</datafield>
<datafield tag="040" ind1=" " ind2=" ">
<subfield code="a">MH</subfield>
<subfield code="b">eng</subfield>
<subfield code="c">N15</subfield>
<subfield code="d">OCLCO</subfield>
<subfield code="d">OCLCF</subfield>
<subfield code="d">NNU</subfield>
</datafield>
<datafield tag="043" ind1=" " ind2=" ">
<subfield code="a">f-ua---</subfield>
</datafield>
<datafield tag="050" ind1=" " ind2="4">
<subfield code="a">DT143</subfield>
<subfield code="b">.F3 1943</subfield>
</datafield>
<datafield tag="100" ind1="1" ind2=" ">
<subfield code="6">880-01</subfield>
<subfield code="a">Faraj, Fuʼād.</subfield>
</datafield>
<datafield tag="245" ind1="1" ind2="3">
<subfield code="6">880-02</subfield>
<subfield code="a">al-Qāhirah :</subfield>
<subfield code="b">tārīkh al-mudun al-qadīmah wa-dalīl al-madīnah al-ḥadīthah /</subfield>
<subfield code="c">Fuʼād Faraj.</subfield>
</datafield>
<datafield tag="260" ind1=" " ind2=" ">
<subfield code="6">880-03</subfield>
<subfield code="a">Miṣr :</subfield>
<subfield code="b">Maṭbaʻat al-Maʻārif wa-Maktabatuhā,</subfield>
<subfield code="c">1943-1946.</subfield>
</datafield>
<datafield tag="300" ind1=" " ind2=" ">
<subfield code="a">3 v. :</subfield>
<subfield code="b">ill., maps (part fold), port. ;</subfield>
<subfield code="c">27-29 cm.</subfield>
</datafield>
<datafield tag="490" ind1="1" ind2=" ">
<subfield code="6">880-04</subfield>
<subfield code="a">Mudun al-Miṣrīyah wa-taṭawwuruhā maʻa al-ʻuṣūr, Majmūʻah fannīyah tārīkhīyah ;</subfield>
<subfield code="v">3-5</subfield>
</datafield>
<datafield tag="504" ind1=" " ind2=" ">
<subfield code="a">Includes bibliographical references (v. 1, p. 14-18).</subfield>
</datafield>
<datafield tag="651" ind1=" " ind2="0">
<subfield code="a">Cairo (Egypt)</subfield>
<subfield code="x">History</subfield>
</datafield>
<datafield tag="651" ind1=" " ind2="0">
<subfield code="a">Cairo (Egypt)</subfield>
<subfield code="x">Description and travel.</subfield>
</datafield>
<datafield tag="650" ind1=" " ind2="7">
<subfield code="a">Travel.</subfield>
<subfield code="2">fast</subfield>
<subfield code="0">(OCoLC)fst01155558</subfield>
</datafield>
<datafield tag="651" ind1=" " ind2="7">
<subfield code="a">Egypt</subfield>
<subfield code="z">Cairo.</subfield>
<subfield code="2">fast</subfield>
<subfield code="0">(OCoLC)fst01205204</subfield>
</datafield>
<datafield tag="655" ind1=" " ind2="7">
<subfield code="a">History.</subfield>
<subfield code="2">fast</subfield>
<subfield code="0">(OCoLC)fst01411628</subfield>
</datafield>
<datafield tag="880" ind1="1" ind2=" ">
<subfield code="6">100-01/</subfield>
<subfield code="a">فرج، فؤاد.</subfield>
</datafield>
<datafield tag="880" ind1="1" ind2="2">
<subfield code="6">245-02/</subfield>
<subfield code="a">القاهرة :</subfield>
<subfield code="b">تاريخ المدن القديمة ودليل المدينة الحديثة /</subfield>
<subfield code="c">فؤاد فرج.</subfield>
</datafield>
<datafield tag="880" ind1=" " ind2=" ">
<subfield code="6">260-03/</subfield>
<subfield code="a">مصر :</subfield>
<subfield code="b">مطبعة المعارف ومكتبتها،</subfield>
<subfield code="c">1943-1946.</subfield>
</datafield>
<datafield tag="880" ind1="1" ind2=" ">
<subfield code="6">490-04/</subfield>
<subfield code="a">مدن المصرية وتطورها مع العصور، مجموعة فنية تاريخية ؛</subfield>
<subfield code="v">3-5</subfield>
</datafield>
<datafield tag="800" ind1="1" ind2=" ">
<subfield code="6">880-05</subfield>
<subfield code="a">Faraj, Fuʼād.</subfield>
<subfield code="t">Mudun al-Miṣrīyah wa-taṭawwuruhā maʻa al-ʻuṣūr, Majmūʻah fannīyah tārīkhīyah ;</subfield>
<subfield code="v">3-5.</subfield>
</datafield>
<datafield tag="880" ind1="1" ind2=" ">
<subfield code="6">800-05/</subfield>
<subfield code="a">فرج، فؤاد.</subfield>
<subfield code="t">مدن المصرية وتطورها مع العصور، مجموعة فنية تاريخية ؛</subfield>
<subfield code="v">35.</subfield>
</datafield>
<datafield tag="OWN" ind1=" " ind2=" ">
<subfield code="a">GENERAL</subfield>
</datafield>
<datafield tag="AVA" ind1=" " ind2=" ">
<subfield code="a">NYU50</subfield>
<subfield code="b">BOBST</subfield>
<subfield code="c">Main Collection</subfield>
<subfield code="d">DT143 .F3</subfield>
<subfield code="e">unavailable</subfield>
<subfield code="t">Unavailable</subfield>
<subfield code="f">3</subfield>
<subfield code="g">3</subfield>
<subfield code="h">Y</subfield>
<subfield code="i">1</subfield>
<subfield code="j">MAIN</subfield>
<subfield code="k">0</subfield>
</datafield>
</record>
